<collection xmlns="http://www.loc.gov/MARC21/slim">
   <record>
      <leader>03103nam a2200385 i 4500</leader>
      <controlfield tag="001">6748991</controlfield>
      <controlfield tag="003">FlBoTFG</controlfield>
      <controlfield tag="005">20141121161956.0</controlfield>
      <controlfield tag="006">m|||||o||d||||||||</controlfield>
      <controlfield tag="007">cr||||</controlfield>
      <controlfield tag="008">141121t20152015njuad   ob    001 0 eng d</controlfield>
      <datafield ind1=" " ind2=" " tag="020">
         <subfield code="a">9781482254341 (e-book : PDF)</subfield>
      </datafield>
      <datafield ind1=" " ind2=" " tag="035">
         <subfield code="a">ocn896840093</subfield>
      </datafield>
      <datafield ind1=" " ind2=" " tag="039">
         <subfield code="a">exclude</subfield>
      </datafield>
      <datafield ind1=" " ind2=" " tag="040">
         <subfield code="a">FlBoTFG</subfield>
         <subfield code="b">eng</subfield>
         <subfield code="c">FlBoTFG</subfield>
         <subfield code="e">rda</subfield>
         <subfield code="d">AEU</subfield>
      </datafield>
      <datafield ind1=" " ind2="4" tag="050">
         <subfield code="a">QC173.4.P65</subfield>
         <subfield code="b">A67 2015</subfield>
      </datafield>
      <datafield ind1=" " ind2=" " tag="090">
         <subfield code="a">Internet Access</subfield>
         <subfield code="b">AEU</subfield>
      </datafield>
      <datafield ind1="0" ind2="0" tag="245">
         <subfield code="a">Applied methodologies in polymer research and technology /</subfield>
         <subfield code="c">edited by Abbas Hamrang, PhD, and Devrim Balköse, PhD ; Gennady E. Zaikov, DSc, and A.K. Haghi, PhD, reviewers and advisory board members.</subfield>
      </datafield>
      <datafield ind1=" " ind2="1" tag="264">
         <subfield code="a">Waretown, NJ :</subfield>
         <subfield code="b">Apple Academic Press, Inc. ;</subfield>
         <subfield code="a">Boca Raton, FL :</subfield>
         <subfield code="b">CRC Press,</subfield>
         <subfield code="c">[2015]</subfield>
      </datafield>
      <datafield ind1=" " ind2="4" tag="264">
         <subfield code="c">©2015</subfield>
      </datafield>
      <datafield ind1=" " ind2=" " tag="300">
         <subfield code="a">1 online resource.</subfield>
      </datafield>
      <datafield ind1=" " ind2=" " tag="336">
         <subfield code="a">text</subfield>
         <subfield code="2">rdacontent</subfield>
         <subfield code="0">http://id.loc.gov/vocabulary/contentTypes/txt</subfield>
      </datafield>
      <datafield ind1=" " ind2=" " tag="337">
         <subfield code="a">computer</subfield>
         <subfield code="2">rdamedia</subfield>
         <subfield code="0">http://id.loc.gov/vocabulary/mediaTypes/c</subfield>
      </datafield>
      <datafield ind1=" " ind2=" " tag="338">
         <subfield code="a">online resource</subfield>
         <subfield code="2">rdacarrier</subfield>
         <subfield code="0">http://id.loc.gov/vocabulary/carriers/cr</subfield>
      </datafield>
      <datafield ind1=" " ind2=" " tag="504">
         <subfield code="a">Includes bibliographical references and index.</subfield>
      </datafield>
      <datafield ind1="0" ind2=" " tag="505">
         <subfield code="a">Electrospinning process : a comprehensive review and update / S. Rafiei -- Aluminium-coated polymer films as infrared light shields for food packing / Esen Arkiş and Devrim Balköse -- Generalization of fuels swelling data by means of linear free energy principle / Roman Makitra, Halyna Midyana, Liliya Bazylyak and Olena Palchykova -- Trends on new biodegradable blends on the basis of copolymers 3-Hydroxybutyrate with Hydroxyvalerate and segmented polyetherurethane / Svetlana G. Karpova, Sergei M. Lomakin, Anatolii A. Popov and Aleksei A. Iordanskii -- New biologically active composite materials on the basis of dialdehyde cellulose / Azamat A. Khashirov, Azamat A. Zhansitov, Genadiy E. Zaikov and Svetlana Yu. Khashirova -- Microheterogeneous titanium Ziegler-Natta catalysts : the influence of particle size on the isoprene polymerization / Elena M. Zakharova, Vadim Z. Mingaleev and Vadim P. Zakharov -- The role and mechanism of bonding agents in composite solid propellants / S.A. Vaziri, S.M. Mousavi Motlagh and M. Hasanzadeh -- A study on adsorption of methane on zeolite 13x at various pressures and temperatures / Farshid Basiri, Alireza Eslami, Maziyar Sharifzadeh and Mahdi Hasanzadeh -- Importance of the phase behavior in biopolymer mixtures / Y.A. Antonov and Paula Moldenaers.</subfield>
      </datafield>
      <datafield ind1=" " ind2=" " tag="596">
         <subfield code="a">44</subfield>
      </datafield>
      <datafield ind1=" " ind2="0" tag="650">
         <subfield code="a">Polymers</subfield>
         <subfield code="x">Research</subfield>
         <subfield code="x">Methodology.</subfield>
      </datafield>
      <datafield ind1="1" ind2=" " tag="700">
         <subfield code="a">Hamrang, Abbas,</subfield>
         <subfield code="e">editor.</subfield>
         <subfield code="0">http://id.loc.gov/authorities/names/nb2014004397</subfield>
         <subfield code="0">http://viaf.org/viaf/306384782</subfield>
      </datafield>
      <datafield ind1="1" ind2=" " tag="700">
         <subfield code="a">Balköse, Devrim,</subfield>
         <subfield code="e">editor.</subfield>
         <subfield code="0">http://id.loc.gov/authorities/names/n2005022546</subfield>
      </datafield>
      <datafield ind1=" " ind2=" " tag="758">
         <subfield code="0">http://worldcat.org/entity/work/id/2908438530</subfield>
      </datafield>
      <datafield ind1="0" ind2=" " tag="787">
         <subfield code="n">OCLC Work Id</subfield>
         <subfield code="o">http://worldcat.org/entity/work/id/2908438530</subfield>
      </datafield>
      <datafield ind1="4" ind2="0" tag="856">
         <subfield code="3">University of Alberta Access</subfield>
         <subfield code="u">http://marc.crcnetbase.com/isbn/9781482254341</subfield>
         <subfield code="z">(Unlimited Concurrent Users)</subfield>
      </datafield>
      <datafield ind1=" " ind2=" " tag="949">
         <subfield code="h">UAIN</subfield>
         <subfield code="z">CRC</subfield>
      </datafield>
      <datafield ind1=" " ind2=" " tag="926">
         <subfield code="a">Internet Access</subfield>
         <subfield code="w">LC</subfield>
         <subfield code="c">1</subfield>
         <subfield code="i">6748991-1001</subfield>
         <subfield code="l">INTERNET</subfield>
         <subfield code="m">UAINTERNET</subfield>
         <subfield code="r">Y</subfield>
         <subfield code="s">Y</subfield>
         <subfield code="t">E-RESOURCE</subfield>
         <subfield code="u">12/2/2014</subfield>
         <subfield code="x">E-BOOK</subfield>
         <subfield code="z">CRC</subfield>
      </datafield>
   </record>
</collection>
